<?xml version="1.0" encoding="UTF-8"?><collection xmlns="http://www.loc.gov/MARC21/slim"><record><leader>00501nam--2200181-i-4500</leader><controlfield tag="001">000008859</controlfield><controlfield tag="002">20161230</controlfield><controlfield tag="005">20161230201028</controlfield><controlfield tag="008">060222s1000------------r-----000-0-ger-d</controlfield><datafield ind1=" " ind2=" " tag="040"><subfield code="a">IFIN-HH</subfield></datafield><datafield ind1=" " ind2=" " tag="041"><subfield code="a">ger</subfield></datafield><datafield ind1=" " ind2=" " tag="080"><subfield code="a">539.219.3</subfield></datafield><datafield ind1="1" ind2=" " tag="100"><subfield code="a">Bratter, Peter</subfield></datafield><datafield ind1="1" ind2="0" tag="245"><subfield code="a">Selbstdiffusion und diffusion von schwefel und thallium in selen</subfield><subfield code="b">Dissertation</subfield><subfield code="c">Peter bratter</subfield></datafield><datafield ind1=" " ind2=" " tag="260"><subfield code="a">Berlin</subfield><subfield code="b">Technische Universitat</subfield><subfield code="c">1969</subfield></datafield><datafield ind1=" " ind2=" " tag="300"><subfield code="a">87 P</subfield></datafield><datafield ind1=" " ind2=" " tag="852"><subfield code="a">30820</subfield><subfield code="c">539.2</subfield></datafield><datafield ind1=" " ind2=" " tag="CAT"><subfield code="a">Sys</subfield><subfield code="c">20121016</subfield><subfield code="h">111626</subfield></datafield></record></collection>